<?xml version="1.0" encoding="UTF-8"?>
<marc21:record xmlns:marc21="http://www.loc.gov/MARC21/slim" xmlns:xsi="http://www.w3.org/2001/XMLSchema-instance" xsi:schemaLocation="http://www.loc.gov/MARC21/slim http://www.loc.gov/standards/marcxml/schema/MARC21slim.xsd">
   <marc21:leader>00000ntmaa  000005ak4500</marc21:leader>
   <marc21:controlfield tag="008">000000|19251945xx|||||||||||||||||d</marc21:controlfield>
   <marc21:datafield ind1=" " ind2=" " tag="035">
      <marc21:subfield code="a">(DSI-AAA)15909</marc21:subfield>
   </marc21:datafield>
   <marc21:datafield ind1=" " ind2=" " tag="040">
      <marc21:subfield code="a">DSI-AAA</marc21:subfield>
      <marc21:subfield code="e">aacr</marc21:subfield>
   </marc21:datafield>
   <marc21:datafield ind1=" " ind2=" " tag="098">
      <marc21:subfield code="a">Archives of American Art</marc21:subfield>
      <marc21:subfield code="b">AAA</marc21:subfield>
   </marc21:datafield>
   <marc21:datafield ind1="1" ind2=" " tag="100">
      <marc21:subfield code="a">Shaw, Charles Green</marc21:subfield>
      <marc21:subfield code="c" />
      <marc21:subfield code="d">1892-1974</marc21:subfield>
      <marc21:subfield code="e" />
   </marc21:datafield>
   <marc21:datafield ind1="0" ind2="0" tag="245">
      <marc21:subfield code="a">Charles Green Shaw's &lt;em&gt;Rhymed recipes&lt;/em&gt;</marc21:subfield>
   </marc21:datafield>
   <marc21:datafield ind1=" " ind2=" " tag="260">
      <marc21:subfield code="c">193-?</marc21:subfield>
   </marc21:datafield>
   <marc21:datafield ind1=" " ind2=" " tag="300">
      <marc21:subfield code="a">Poem : 28 p. :</marc21:subfield>
      <marc21:subfield code="b">typescript, ill. ;</marc21:subfield>
      <marc21:subfield code="c">17 x 12 cm.</marc21:subfield>
   </marc21:datafield>
   <marc21:datafield ind1=" " ind2=" " tag="520">
      <marc21:subfield code="a">Mock-up on card stock, with black and white illustrations and typed poems (recipes for various cocktails in rhyme) on either side of each card. 28 cards. &lt;br&gt;Date range based on style of illustrations.</marc21:subfield>
   </marc21:datafield>
   <marc21:datafield ind1=" " ind2=" " tag="561">
      <marc21:subfield code="a" />
   </marc21:datafield>
   <marc21:datafield ind1=" " ind2=" " tag="590">
      <marc21:subfield code="a" />
   </marc21:datafield>
   <marc21:datafield ind1=" " ind2="0" tag="650">
      <marc21:subfield code="a">Cocktails</marc21:subfield>
      <marc21:subfield code="x" />
      <marc21:subfield code="2" />
   </marc21:datafield>
   <marc21:datafield ind1=" " ind2="0" tag="650">
      <marc21:subfield code="a">Poetry</marc21:subfield>
      <marc21:subfield code="x" />
      <marc21:subfield code="2" />
   </marc21:datafield>
   <marc21:datafield ind1=" " ind2="7" tag="655">
      <marc21:subfield code="a">Writings</marc21:subfield>
      <marc21:subfield code="x" />
      <marc21:subfield code="2">AAA</marc21:subfield>
   </marc21:datafield>
   <marc21:datafield ind1=" " ind2=" " tag="773">
      <marc21:subfield code="t">Charles Green Shaw papers</marc21:subfield>
      <marc21:subfield code="d">1686, 1833-1979, bulk, 1909-1974</marc21:subfield>
   </marc21:datafield>
   <marc21:datafield ind1=" " ind2=" " tag="852">
      <marc21:subfield code="a">Archives of American Art, Smithsonian Institution</marc21:subfield>
      <marc21:subfield code="e">Washington, D.C. 20560</marc21:subfield>
   </marc21:datafield>
   <marc21:datafield ind1="4" ind2=" " tag="856">
      <marc21:subfield code="3">Record Link</marc21:subfield>
      <marc21:subfield code="u">http://www.aaa.si.edu/collections/items/detail/charles-green-shaws-rhymed-recipes-15909</marc21:subfield>
   </marc21:datafield>
   <marc21:datafield ind1="4" ind2=" " tag="856">
      <marc21:subfield code="3">Thumbnail</marc21:subfield>
      <marc21:subfield code="u">http://www.aaa.si.edu/assets/images/shawchar/thumbnail/AAA_shawchar_48848.jpg</marc21:subfield>
      <marc21:subfield code="x" />
   </marc21:datafield>
   <marc21:datafield ind1="4" ind2=" " tag="856">
      <marc21:subfield code="3">Fullsize</marc21:subfield>
      <marc21:subfield code="u">http://www.aaa.si.edu/assets/images/shawchar/fullsize/AAA_shawchar_48848.jpg</marc21:subfield>
      <marc21:subfield code="x" />
   </marc21:datafield>
   <marc21:datafield ind1="4" ind2=" " tag="856">
      <marc21:subfield code="3">Thumbnail</marc21:subfield>
      <marc21:subfield code="u">http://www.aaa.si.edu/assets/images/shawchar/thumbnail/AAA_shawchar_48849.jpg</marc21:subfield>
      <marc21:subfield code="x">1</marc21:subfield>
   </marc21:datafield>
   <marc21:datafield ind1="4" ind2=" " tag="856">
      <marc21:subfield code="3">Fullsize</marc21:subfield>
      <marc21:subfield code="u">http://www.aaa.si.edu/assets/images/shawchar/fullsize/AAA_shawchar_48849.jpg</marc21:subfield>
      <marc21:subfield code="x">1</marc21:subfield>
   </marc21:datafield>
   <marc21:datafield ind1="4" ind2=" " tag="856">
      <marc21:subfield code="3">Thumbnail</marc21:subfield>
      <marc21:subfield code="u">http://www.aaa.si.edu/assets/images/shawchar/thumbnail/AAA_shawchar_48850.jpg</marc21:subfield>
      <marc21:subfield code="x">2</marc21:subfield>
   </marc21:datafield>
   <marc21:datafield ind1="4" ind2=" " tag="856">
      <marc21:subfield code="3">Fullsize</marc21:subfield>
      <marc21:subfield code="u">http://www.aaa.si.edu/assets/images/shawchar/fullsize/AAA_shawchar_48850.jpg</marc21:subfield>
      <marc21:subfield code="x">2</marc21:subfield>
   </marc21:datafield>
   <marc21:datafield ind1="4" ind2=" " tag="856">
      <marc21:subfield code="3">Thumbnail</marc21:subfield>
      <marc21:subfield code="u">http://www.aaa.si.edu/assets/images/shawchar/thumbnail/AAA_shawchar_48851.jpg</marc21:subfield>
      <marc21:subfield code="x">3</marc21:subfield>
   </marc21:datafield>
   <marc21:datafield ind1="4" ind2=" " tag="856">
      <marc21:subfield code="3">Fullsize</marc21:subfield>
      <marc21:subfield code="u">http://www.aaa.si.edu/assets/images/shawchar/fullsize/AAA_shawchar_48851.jpg</marc21:subfield>
      <marc21:subfield code="x">3</marc21:subfield>
   </marc21:datafield>
   <marc21:datafield ind1="4" ind2=" " tag="856">
      <marc21:subfield code="3">Thumbnail</marc21:subfield>
      <marc21:subfield code="u">http://www.aaa.si.edu/assets/images/shawchar/thumbnail/AAA_shawchar_48852.jpg</marc21:subfield>
      <marc21:subfield code="x">4</marc21:subfield>
   </marc21:datafield>
   <marc21:datafield ind1="4" ind2=" " tag="856">
      <marc21:subfield code="3">Fullsize</marc21:subfield>
      <marc21:subfield code="u">http://www.aaa.si.edu/assets/images/shawchar/fullsize/AAA_shawchar_48852.jpg</marc21:subfield>
      <marc21:subfield code="x">4</marc21:subfield>
   </marc21:datafield>
   <marc21:datafield ind1="4" ind2=" " tag="856">
      <marc21:subfield code="3">Thumbnail</marc21:subfield>
      <marc21:subfield code="u">http://www.aaa.si.edu/assets/images/shawchar/thumbnail/AAA_shawchar_48853.jpg</marc21:subfield>
      <marc21:subfield code="x">5</marc21:subfield>
   </marc21:datafield>
   <marc21:datafield ind1="4" ind2=" " tag="856">
      <marc21:subfield code="3">Fullsize</marc21:subfield>
      <marc21:subfield code="u">http://www.aaa.si.edu/assets/images/shawchar/fullsize/AAA_shawchar_48853.jpg</marc21:subfield>
      <marc21:subfield code="x">5</marc21:subfield>
   </marc21:datafield>
   <marc21:datafield ind1="4" ind2=" " tag="856">
      <marc21:subfield code="3">Thumbnail</marc21:subfield>
      <marc21:subfield code="u">http://www.aaa.si.edu/assets/images/shawchar/thumbnail/AAA_shawchar_48854.jpg</marc21:subfield>
      <marc21:subfield code="x">6</marc21:subfield>
   </marc21:datafield>
   <marc21:datafield ind1="4" ind2=" " tag="856">
      <marc21:subfield code="3">Fullsize</marc21:subfield>
      <marc21:subfield code="u">http://www.aaa.si.edu/assets/images/shawchar/fullsize/AAA_shawchar_48854.jpg</marc21:subfield>
      <marc21:subfield code="x">6</marc21:subfield>
   </marc21:datafield>
   <marc21:datafield ind1="4" ind2=" " tag="856">
      <marc21:subfield code="3">Thumbnail</marc21:subfield>
      <marc21:subfield code="u">http://www.aaa.si.edu/assets/images/shawchar/thumbnail/AAA_shawchar_48855.jpg</marc21:subfield>
      <marc21:subfield code="x">7</marc21:subfield>
   </marc21:datafield>
   <marc21:datafield ind1="4" ind2=" " tag="856">
      <marc21:subfield code="3">Fullsize</marc21:subfield>
      <marc21:subfield code="u">http://www.aaa.si.edu/assets/images/shawchar/fullsize/AAA_shawchar_48855.jpg</marc21:subfield>
      <marc21:subfield code="x">7</marc21:subfield>
   </marc21:datafield>
   <marc21:datafield ind1="4" ind2=" " tag="856">
      <marc21:subfield code="3">Thumbnail</marc21:subfield>
      <marc21:subfield code="u">http://www.aaa.si.edu/assets/images/shawchar/thumbnail/AAA_shawchar_48856.jpg</marc21:subfield>
      <marc21:subfield code="x">8</marc21:subfield>
   </marc21:datafield>
   <marc21:datafield ind1="4" ind2=" " tag="856">
      <marc21:subfield code="3">Fullsize</marc21:subfield>
      <marc21:subfield code="u">http://www.aaa.si.edu/assets/images/shawchar/fullsize/AAA_shawchar_48856.jpg</marc21:subfield>
      <marc21:subfield code="x">8</marc21:subfield>
   </marc21:datafield>
   <marc21:datafield ind1="4" ind2=" " tag="856">
      <marc21:subfield code="3">Thumbnail</marc21:subfield>
      <marc21:subfield code="u">http://www.aaa.si.edu/assets/images/shawchar/thumbnail/AAA_shawchar_48857.jpg</marc21:subfield>
      <marc21:subfield code="x">9</marc21:subfield>
   </marc21:datafield>
   <marc21:datafield ind1="4" ind2=" " tag="856">
      <marc21:subfield code="3">Fullsize</marc21:subfield>
      <marc21:subfield code="u">http://www.aaa.si.edu/assets/images/shawchar/fullsize/AAA_shawchar_48857.jpg</marc21:subfield>
      <marc21:subfield code="x">9</marc21:subfield>
   </marc21:datafield>
   <marc21:datafield ind1="4" ind2=" " tag="856">
      <marc21:subfield code="3">Thumbnail</marc21:subfield>
      <marc21:subfield code="u">http://www.aaa.si.edu/assets/images/shawchar/thumbnail/AAA_shawchar_48858.jpg</marc21:subfield>
      <marc21:subfield code="x">10</marc21:subfield>
   </marc21:datafield>
   <marc21:datafield ind1="4" ind2=" " tag="856">
      <marc21:subfield code="3">Fullsize</marc21:subfield>
      <marc21:subfield code="u">http://www.aaa.si.edu/assets/images/shawchar/fullsize/AAA_shawchar_48858.jpg</marc21:subfield>
      <marc21:subfield code="x">10</marc21:subfield>
   </marc21:datafield>
   <marc21:datafield ind1="4" ind2=" " tag="856">
      <marc21:subfield code="3">Thumbnail</marc21:subfield>
      <marc21:subfield code="u">http://www.aaa.si.edu/assets/images/shawchar/thumbnail/AAA_shawchar_48859.jpg</marc21:subfield>
      <marc21:subfield code="x">11</marc21:subfield>
   </marc21:datafield>
   <marc21:datafield ind1="4" ind2=" " tag="856">
      <marc21:subfield code="3">Fullsize</marc21:subfield>
      <marc21:subfield code="u">http://www.aaa.si.edu/assets/images/shawchar/fullsize/AAA_shawchar_48859.jpg</marc21:subfield>
      <marc21:subfield code="x">11</marc21:subfield>
   </marc21:datafield>
   <marc21:datafield ind1="4" ind2=" " tag="856">
      <marc21:subfield code="3">Thumbnail</marc21:subfield>
      <marc21:subfield code="u">http://www.aaa.si.edu/assets/images/shawchar/thumbnail/AAA_shawchar_48860.jpg</marc21:subfield>
      <marc21:subfield code="x">12</marc21:subfield>
   </marc21:datafield>
   <marc21:datafield ind1="4" ind2=" " tag="856">
      <marc21:subfield code="3">Fullsize</marc21:subfield>
      <marc21:subfield code="u">http://www.aaa.si.edu/assets/images/shawchar/fullsize/AAA_shawchar_48860.jpg</marc21:subfield>
      <marc21:subfield code="x">12</marc21:subfield>
   </marc21:datafield>
   <marc21:datafield ind1="4" ind2=" " tag="856">
      <marc21:subfield code="3">Thumbnail</marc21:subfield>
      <marc21:subfield code="u">http://www.aaa.si.edu/assets/images/shawchar/thumbnail/AAA_shawchar_48861.jpg</marc21:subfield>
      <marc21:subfield code="x">13</marc21:subfield>
   </marc21:datafield>
   <marc21:datafield ind1="4" ind2=" " tag="856">
      <marc21:subfield code="3">Fullsize</marc21:subfield>
      <marc21:subfield code="u">http://www.aaa.si.edu/assets/images/shawchar/fullsize/AAA_shawchar_48861.jpg</marc21:subfield>
      <marc21:subfield code="x">13</marc21:subfield>
   </marc21:datafield>
   <marc21:datafield ind1="4" ind2=" " tag="856">
      <marc21:subfield code="3">Thumbnail</marc21:subfield>
      <marc21:subfield code="u">http://www.aaa.si.edu/assets/images/shawchar/thumbnail/AAA_shawchar_48862.jpg</marc21:subfield>
      <marc21:subfield code="x">14</marc21:subfield>
   </marc21:datafield>
   <marc21:datafield ind1="4" ind2=" " tag="856">
      <marc21:subfield code="3">Fullsize</marc21:subfield>
      <marc21:subfield code="u">http://www.aaa.si.edu/assets/images/shawchar/fullsize/AAA_shawchar_48862.jpg</marc21:subfield>
      <marc21:subfield code="x">14</marc21:subfield>
   </marc21:datafield>
   <marc21:datafield ind1="4" ind2=" " tag="856">
      <marc21:subfield code="3">Thumbnail</marc21:subfield>
      <marc21:subfield code="u">http://www.aaa.si.edu/assets/images/shawchar/thumbnail/AAA_shawchar_48863.jpg</marc21:subfield>
      <marc21:subfield code="x">15</marc21:subfield>
   </marc21:datafield>
   <marc21:datafield ind1="4" ind2=" " tag="856">
      <marc21:subfield code="3">Fullsize</marc21:subfield>
      <marc21:subfield code="u">http://www.aaa.si.edu/assets/images/shawchar/fullsize/AAA_shawchar_48863.jpg</marc21:subfield>
      <marc21:subfield code="x">15</marc21:subfield>
   </marc21:datafield>
   <marc21:datafield ind1="4" ind2=" " tag="856">
      <marc21:subfield code="3">Thumbnail</marc21:subfield>
      <marc21:subfield code="u">http://www.aaa.si.edu/assets/images/shawchar/thumbnail/AAA_shawchar_48864.jpg</marc21:subfield>
      <marc21:subfield code="x">16</marc21:subfield>
   </marc21:datafield>
   <marc21:datafield ind1="4" ind2=" " tag="856">
      <marc21:subfield code="3">Fullsize</marc21:subfield>
      <marc21:subfield code="u">http://www.aaa.si.edu/assets/images/shawchar/fullsize/AAA_shawchar_48864.jpg</marc21:subfield>
      <marc21:subfield code="x">16</marc21:subfield>
   </marc21:datafield>
   <marc21:datafield ind1="4" ind2=" " tag="856">
      <marc21:subfield code="3">Thumbnail</marc21:subfield>
      <marc21:subfield code="u">http://www.aaa.si.edu/assets/images/shawchar/thumbnail/AAA_shawchar_48865.jpg</marc21:subfield>
      <marc21:subfield code="x">17</marc21:subfield>
   </marc21:datafield>
   <marc21:datafield ind1="4" ind2=" " tag="856">
      <marc21:subfield code="3">Fullsize</marc21:subfield>
      <marc21:subfield code="u">http://www.aaa.si.edu/assets/images/shawchar/fullsize/AAA_shawchar_48865.jpg</marc21:subfield>
      <marc21:subfield code="x">17</marc21:subfield>
   </marc21:datafield>
   <marc21:datafield ind1="4" ind2=" " tag="856">
      <marc21:subfield code="3">Thumbnail</marc21:subfield>
      <marc21:subfield code="u">http://www.aaa.si.edu/assets/images/shawchar/thumbnail/AAA_shawchar_48866.jpg</marc21:subfield>
      <marc21:subfield code="x">18</marc21:subfield>
   </marc21:datafield>
   <marc21:datafield ind1="4" ind2=" " tag="856">
      <marc21:subfield code="3">Fullsize</marc21:subfield>
      <marc21:subfield code="u">http://www.aaa.si.edu/assets/images/shawchar/fullsize/AAA_shawchar_48866.jpg</marc21:subfield>
      <marc21:subfield code="x">18</marc21:subfield>
   </marc21:datafield>
   <marc21:datafield ind1="4" ind2=" " tag="856">
      <marc21:subfield code="3">Thumbnail</marc21:subfield>
      <marc21:subfield code="u">http://www.aaa.si.edu/assets/images/shawchar/thumbnail/AAA_shawchar_48867.jpg</marc21:subfield>
      <marc21:subfield code="x">19</marc21:subfield>
   </marc21:datafield>
   <marc21:datafield ind1="4" ind2=" " tag="856">
      <marc21:subfield code="3">Fullsize</marc21:subfield>
      <marc21:subfield code="u">http://www.aaa.si.edu/assets/images/shawchar/fullsize/AAA_shawchar_48867.jpg</marc21:subfield>
      <marc21:subfield code="x">19</marc21:subfield>
   </marc21:datafield>
   <marc21:datafield ind1="4" ind2=" " tag="856">
      <marc21:subfield code="3">Thumbnail</marc21:subfield>
      <marc21:subfield code="u">http://www.aaa.si.edu/assets/images/shawchar/thumbnail/AAA_shawchar_48868.jpg</marc21:subfield>
      <marc21:subfield code="x">20</marc21:subfield>
   </marc21:datafield>
   <marc21:datafield ind1="4" ind2=" " tag="856">
      <marc21:subfield code="3">Fullsize</marc21:subfield>
      <marc21:subfield code="u">http://www.aaa.si.edu/assets/images/shawchar/fullsize/AAA_shawchar_48868.jpg</marc21:subfield>
      <marc21:subfield code="x">20</marc21:subfield>
   </marc21:datafield>
   <marc21:datafield ind1="4" ind2=" " tag="856">
      <marc21:subfield code="3">Thumbnail</marc21:subfield>
      <marc21:subfield code="u">http://www.aaa.si.edu/assets/images/shawchar/thumbnail/AAA_shawchar_48869.jpg</marc21:subfield>
      <marc21:subfield code="x">21</marc21:subfield>
   </marc21:datafield>
   <marc21:datafield ind1="4" ind2=" " tag="856">
      <marc21:subfield code="3">Fullsize</marc21:subfield>
      <marc21:subfield code="u">http://www.aaa.si.edu/assets/images/shawchar/fullsize/AAA_shawchar_48869.jpg</marc21:subfield>
      <marc21:subfield code="x">21</marc21:subfield>
   </marc21:datafield>
   <marc21:datafield ind1="4" ind2=" " tag="856">
      <marc21:subfield code="3">Thumbnail</marc21:subfield>
      <marc21:subfield code="u">http://www.aaa.si.edu/assets/images/shawchar/thumbnail/AAA_shawchar_48870.jpg</marc21:subfield>
      <marc21:subfield code="x">22</marc21:subfield>
   </marc21:datafield>
   <marc21:datafield ind1="4" ind2=" " tag="856">
      <marc21:subfield code="3">Fullsize</marc21:subfield>
      <marc21:subfield code="u">http://www.aaa.si.edu/assets/images/shawchar/fullsize/AAA_shawchar_48870.jpg</marc21:subfield>
      <marc21:subfield code="x">22</marc21:subfield>
   </marc21:datafield>
   <marc21:datafield ind1="4" ind2=" " tag="856">
      <marc21:subfield code="3">Thumbnail</marc21:subfield>
      <marc21:subfield code="u">http://www.aaa.si.edu/assets/images/shawchar/thumbnail/AAA_shawchar_48871.jpg</marc21:subfield>
      <marc21:subfield code="x">23</marc21:subfield>
   </marc21:datafield>
   <marc21:datafield ind1="4" ind2=" " tag="856">
      <marc21:subfield code="3">Fullsize</marc21:subfield>
      <marc21:subfield code="u">http://www.aaa.si.edu/assets/images/shawchar/fullsize/AAA_shawchar_48871.jpg</marc21:subfield>
      <marc21:subfield code="x">23</marc21:subfield>
   </marc21:datafield>
   <marc21:datafield ind1="4" ind2=" " tag="856">
      <marc21:subfield code="3">Thumbnail</marc21:subfield>
      <marc21:subfield code="u">http://www.aaa.si.edu/assets/images/shawchar/thumbnail/AAA_shawchar_48872.jpg</marc21:subfield>
      <marc21:subfield code="x">24</marc21:subfield>
   </marc21:datafield>
   <marc21:datafield ind1="4" ind2=" " tag="856">
      <marc21:subfield code="3">Fullsize</marc21:subfield>
      <marc21:subfield code="u">http://www.aaa.si.edu/assets/images/shawchar/fullsize/AAA_shawchar_48872.jpg</marc21:subfield>
      <marc21:subfield code="x">24</marc21:subfield>
   </marc21:datafield>
   <marc21:datafield ind1="4" ind2=" " tag="856">
      <marc21:subfield code="3">Thumbnail</marc21:subfield>
      <marc21:subfield code="u">http://www.aaa.si.edu/assets/images/shawchar/thumbnail/AAA_shawchar_48873.jpg</marc21:subfield>
      <marc21:subfield code="x">25</marc21:subfield>
   </marc21:datafield>
   <marc21:datafield ind1="4" ind2=" " tag="856">
      <marc21:subfield code="3">Fullsize</marc21:subfield>
      <marc21:subfield code="u">http://www.aaa.si.edu/assets/images/shawchar/fullsize/AAA_shawchar_48873.jpg</marc21:subfield>
      <marc21:subfield code="x">25</marc21:subfield>
   </marc21:datafield>
   <marc21:datafield ind1="4" ind2=" " tag="856">
      <marc21:subfield code="3">Thumbnail</marc21:subfield>
      <marc21:subfield code="u">http://www.aaa.si.edu/assets/images/shawchar/thumbnail/AAA_shawchar_48874.jpg</marc21:subfield>
      <marc21:subfield code="x">26</marc21:subfield>
   </marc21:datafield>
   <marc21:datafield ind1="4" ind2=" " tag="856">
      <marc21:subfield code="3">Fullsize</marc21:subfield>
      <marc21:subfield code="u">http://www.aaa.si.edu/assets/images/shawchar/fullsize/AAA_shawchar_48874.jpg</marc21:subfield>
      <marc21:subfield code="x">26</marc21:subfield>
   </marc21:datafield>
   <marc21:datafield ind1="4" ind2=" " tag="856">
      <marc21:subfield code="3">Thumbnail</marc21:subfield>
      <marc21:subfield code="u">http://www.aaa.si.edu/assets/images/shawchar/thumbnail/AAA_shawchar_48875.jpg</marc21:subfield>
      <marc21:subfield code="x">27</marc21:subfield>
   </marc21:datafield>
   <marc21:datafield ind1="4" ind2=" " tag="856">
      <marc21:subfield code="3">Fullsize</marc21:subfield>
      <marc21:subfield code="u">http://www.aaa.si.edu/assets/images/shawchar/fullsize/AAA_shawchar_48875.jpg</marc21:subfield>
      <marc21:subfield code="x">27</marc21:subfield>
   </marc21:datafield>
   <marc21:datafield ind1="4" ind2=" " tag="856">
      <marc21:subfield code="3">Thumbnail</marc21:subfield>
      <marc21:subfield code="u">http://www.aaa.si.edu/assets/images/shawchar/thumbnail/AAA_shawchar_48876.jpg</marc21:subfield>
      <marc21:subfield code="x">28</marc21:subfield>
   </marc21:datafield>
   <marc21:datafield ind1="4" ind2=" " tag="856">
      <marc21:subfield code="3">Fullsize</marc21:subfield>
      <marc21:subfield code="u">http://www.aaa.si.edu/assets/images/shawchar/fullsize/AAA_shawchar_48876.jpg</marc21:subfield>
      <marc21:subfield code="x">28</marc21:subfield>
   </marc21:datafield>
   <marc21:datafield ind1="4" ind2=" " tag="856">
      <marc21:subfield code="3">Thumbnail</marc21:subfield>
      <marc21:subfield code="u">http://www.aaa.si.edu/assets/images/shawchar/thumbnail/AAA_shawchar_48877.jpg</marc21:subfield>
      <marc21:subfield code="x">29</marc21:subfield>
   </marc21:datafield>
   <marc21:datafield ind1="4" ind2=" " tag="856">
      <marc21:subfield code="3">Fullsize</marc21:subfield>
      <marc21:subfield code="u">http://www.aaa.si.edu/assets/images/shawchar/fullsize/AAA_shawchar_48877.jpg</marc21:subfield>
      <marc21:subfield code="x">29</marc21:subfield>
   </marc21:datafield>
   <marc21:datafield ind1="4" ind2=" " tag="856">
      <marc21:subfield code="3">Thumbnail</marc21:subfield>
      <marc21:subfield code="u">http://www.aaa.si.edu/assets/images/shawchar/thumbnail/AAA_shawchar_48878.jpg</marc21:subfield>
      <marc21:subfield code="x">30</marc21:subfield>
   </marc21:datafield>
   <marc21:datafield ind1="4" ind2=" " tag="856">
      <marc21:subfield code="3">Fullsize</marc21:subfield>
      <marc21:subfield code="u">http://www.aaa.si.edu/assets/images/shawchar/fullsize/AAA_shawchar_48878.jpg</marc21:subfield>
      <marc21:subfield code="x">30</marc21:subfield>
   </marc21:datafield>
   <marc21:datafield ind1="4" ind2=" " tag="856">
      <marc21:subfield code="3">Thumbnail</marc21:subfield>
      <marc21:subfield code="u">http://www.aaa.si.edu/assets/images/shawchar/thumbnail/AAA_shawchar_48879.jpg</marc21:subfield>
      <marc21:subfield code="x">31</marc21:subfield>
   </marc21:datafield>
   <marc21:datafield ind1="4" ind2=" " tag="856">
      <marc21:subfield code="3">Fullsize</marc21:subfield>
      <marc21:subfield code="u">http://www.aaa.si.edu/assets/images/shawchar/fullsize/AAA_shawchar_48879.jpg</marc21:subfield>
      <marc21:subfield code="x">31</marc21:subfield>
   </marc21:datafield>
   <marc21:datafield ind1="4" ind2=" " tag="856">
      <marc21:subfield code="3">Thumbnail</marc21:subfield>
      <marc21:subfield code="u">http://www.aaa.si.edu/assets/images/shawchar/thumbnail/AAA_shawchar_48880.jpg</marc21:subfield>
      <marc21:subfield code="x">32</marc21:subfield>
   </marc21:datafield>
   <marc21:datafield ind1="4" ind2=" " tag="856">
      <marc21:subfield code="3">Fullsize</marc21:subfield>
      <marc21:subfield code="u">http://www.aaa.si.edu/assets/images/shawchar/fullsize/AAA_shawchar_48880.jpg</marc21:subfield>
      <marc21:subfield code="x">32</marc21:subfield>
   </marc21:datafield>
   <marc21:datafield ind1="4" ind2=" " tag="856">
      <marc21:subfield code="3">Thumbnail</marc21:subfield>
      <marc21:subfield code="u">http://www.aaa.si.edu/assets/images/shawchar/thumbnail/AAA_shawchar_48881.jpg</marc21:subfield>
      <marc21:subfield code="x">33</marc21:subfield>
   </marc21:datafield>
   <marc21:datafield ind1="4" ind2=" " tag="856">
      <marc21:subfield code="3">Fullsize</marc21:subfield>
      <marc21:subfield code="u">http://www.aaa.si.edu/assets/images/shawchar/fullsize/AAA_shawchar_48881.jpg</marc21:subfield>
      <marc21:subfield code="x">33</marc21:subfield>
   </marc21:datafield>
   <marc21:datafield ind1="4" ind2=" " tag="856">
      <marc21:subfield code="3">Thumbnail</marc21:subfield>
      <marc21:subfield code="u">http://www.aaa.si.edu/assets/images/shawchar/thumbnail/AAA_shawchar_48882.jpg</marc21:subfield>
      <marc21:subfield code="x">34</marc21:subfield>
   </marc21:datafield>
   <marc21:datafield ind1="4" ind2=" " tag="856">
      <marc21:subfield code="3">Fullsize</marc21:subfield>
      <marc21:subfield code="u">http://www.aaa.si.edu/assets/images/shawchar/fullsize/AAA_shawchar_48882.jpg</marc21:subfield>
      <marc21:subfield code="x">34</marc21:subfield>
   </marc21:datafield>
   <marc21:datafield ind1="4" ind2=" " tag="856">
      <marc21:subfield code="3">Thumbnail</marc21:subfield>
      <marc21:subfield code="u">http://www.aaa.si.edu/assets/images/shawchar/thumbnail/AAA_shawchar_48883.jpg</marc21:subfield>
      <marc21:subfield code="x">35</marc21:subfield>
   </marc21:datafield>
   <marc21:datafield ind1="4" ind2=" " tag="856">
      <marc21:subfield code="3">Fullsize</marc21:subfield>
      <marc21:subfield code="u">http://www.aaa.si.edu/assets/images/shawchar/fullsize/AAA_shawchar_48883.jpg</marc21:subfield>
      <marc21:subfield code="x">35</marc21:subfield>
   </marc21:datafield>
   <marc21:datafield ind1="4" ind2=" " tag="856">
      <marc21:subfield code="3">Thumbnail</marc21:subfield>
      <marc21:subfield code="u">http://www.aaa.si.edu/assets/images/shawchar/thumbnail/AAA_shawchar_48884.jpg</marc21:subfield>
      <marc21:subfield code="x">36</marc21:subfield>
   </marc21:datafield>
   <marc21:datafield ind1="4" ind2=" " tag="856">
      <marc21:subfield code="3">Fullsize</marc21:subfield>
      <marc21:subfield code="u">http://www.aaa.si.edu/assets/images/shawchar/fullsize/AAA_shawchar_48884.jpg</marc21:subfield>
      <marc21:subfield code="x">36</marc21:subfield>
   </marc21:datafield>
   <marc21:datafield ind1="4" ind2=" " tag="856">
      <marc21:subfield code="3">Thumbnail</marc21:subfield>
      <marc21:subfield code="u">http://www.aaa.si.edu/assets/images/shawchar/thumbnail/AAA_shawchar_48885.jpg</marc21:subfield>
      <marc21:subfield code="x">37</marc21:subfield>
   </marc21:datafield>
   <marc21:datafield ind1="4" ind2=" " tag="856">
      <marc21:subfield code="3">Fullsize</marc21:subfield>
      <marc21:subfield code="u">http://www.aaa.si.edu/assets/images/shawchar/fullsize/AAA_shawchar_48885.jpg</marc21:subfield>
      <marc21:subfield code="x">37</marc21:subfield>
   </marc21:datafield>
   <marc21:datafield ind1="4" ind2=" " tag="856">
      <marc21:subfield code="3">Thumbnail</marc21:subfield>
      <marc21:subfield code="u">http://www.aaa.si.edu/assets/images/shawchar/thumbnail/AAA_shawchar_48886.jpg</marc21:subfield>
      <marc21:subfield code="x">38</marc21:subfield>
   </marc21:datafield>
   <marc21:datafield ind1="4" ind2=" " tag="856">
      <marc21:subfield code="3">Fullsize</marc21:subfield>
      <marc21:subfield code="u">http://www.aaa.si.edu/assets/images/shawchar/fullsize/AAA_shawchar_48886.jpg</marc21:subfield>
      <marc21:subfield code="x">38</marc21:subfield>
   </marc21:datafield>
   <marc21:datafield ind1="4" ind2=" " tag="856">
      <marc21:subfield code="3">Thumbnail</marc21:subfield>
      <marc21:subfield code="u">http://www.aaa.si.edu/assets/images/shawchar/thumbnail/AAA_shawchar_48887.jpg</marc21:subfield>
      <marc21:subfield code="x">39</marc21:subfield>
   </marc21:datafield>
   <marc21:datafield ind1="4" ind2=" " tag="856">
      <marc21:subfield code="3">Fullsize</marc21:subfield>
      <marc21:subfield code="u">http://www.aaa.si.edu/assets/images/shawchar/fullsize/AAA_shawchar_48887.jpg</marc21:subfield>
      <marc21:subfield code="x">39</marc21:subfield>
   </marc21:datafield>
   <marc21:datafield ind1="4" ind2=" " tag="856">
      <marc21:subfield code="3">Thumbnail</marc21:subfield>
      <marc21:subfield code="u">http://www.aaa.si.edu/assets/images/shawchar/thumbnail/AAA_shawchar_48888.jpg</marc21:subfield>
      <marc21:subfield code="x">40</marc21:subfield>
   </marc21:datafield>
   <marc21:datafield ind1="4" ind2=" " tag="856">
      <marc21:subfield code="3">Fullsize</marc21:subfield>
      <marc21:subfield code="u">http://www.aaa.si.edu/assets/images/shawchar/fullsize/AAA_shawchar_48888.jpg</marc21:subfield>
      <marc21:subfield code="x">40</marc21:subfield>
   </marc21:datafield>
   <marc21:datafield ind1="4" ind2=" " tag="856">
      <marc21:subfield code="3">Thumbnail</marc21:subfield>
      <marc21:subfield code="u">http://www.aaa.si.edu/assets/images/shawchar/thumbnail/AAA_shawchar_48889.jpg</marc21:subfield>
      <marc21:subfield code="x">41</marc21:subfield>
   </marc21:datafield>
   <marc21:datafield ind1="4" ind2=" " tag="856">
      <marc21:subfield code="3">Fullsize</marc21:subfield>
      <marc21:subfield code="u">http://www.aaa.si.edu/assets/images/shawchar/fullsize/AAA_shawchar_48889.jpg</marc21:subfield>
      <marc21:subfield code="x">41</marc21:subfield>
   </marc21:datafield>
   <marc21:datafield ind1="4" ind2=" " tag="856">
      <marc21:subfield code="3">Thumbnail</marc21:subfield>
      <marc21:subfield code="u">http://www.aaa.si.edu/assets/images/shawchar/thumbnail/AAA_shawchar_48890.jpg</marc21:subfield>
      <marc21:subfield code="x">42</marc21:subfield>
   </marc21:datafield>
   <marc21:datafield ind1="4" ind2=" " tag="856">
      <marc21:subfield code="3">Fullsize</marc21:subfield>
      <marc21:subfield code="u">http://www.aaa.si.edu/assets/images/shawchar/fullsize/AAA_shawchar_48890.jpg</marc21:subfield>
      <marc21:subfield code="x">42</marc21:subfield>
   </marc21:datafield>
   <marc21:datafield ind1="4" ind2=" " tag="856">
      <marc21:subfield code="3">Thumbnail</marc21:subfield>
      <marc21:subfield code="u">http://www.aaa.si.edu/assets/images/shawchar/thumbnail/AAA_shawchar_48891.jpg</marc21:subfield>
      <marc21:subfield code="x">43</marc21:subfield>
   </marc21:datafield>
   <marc21:datafield ind1="4" ind2=" " tag="856">
      <marc21:subfield code="3">Fullsize</marc21:subfield>
      <marc21:subfield code="u">http://www.aaa.si.edu/assets/images/shawchar/fullsize/AAA_shawchar_48891.jpg</marc21:subfield>
      <marc21:subfield code="x">43</marc21:subfield>
   </marc21:datafield>
   <marc21:datafield ind1="4" ind2=" " tag="856">
      <marc21:subfield code="3">Thumbnail</marc21:subfield>
      <marc21:subfield code="u">http://www.aaa.si.edu/assets/images/shawchar/thumbnail/AAA_shawchar_48892.jpg</marc21:subfield>
      <marc21:subfield code="x">44</marc21:subfield>
   </marc21:datafield>
   <marc21:datafield ind1="4" ind2=" " tag="856">
      <marc21:subfield code="3">Fullsize</marc21:subfield>
      <marc21:subfield code="u">http://www.aaa.si.edu/assets/images/shawchar/fullsize/AAA_shawchar_48892.jpg</marc21:subfield>
      <marc21:subfield code="x">44</marc21:subfield>
   </marc21:datafield>
   <marc21:datafield ind1="4" ind2=" " tag="856">
      <marc21:subfield code="3">Thumbnail</marc21:subfield>
      <marc21:subfield code="u">http://www.aaa.si.edu/assets/images/shawchar/thumbnail/AAA_shawchar_48893.jpg</marc21:subfield>
      <marc21:subfield code="x">45</marc21:subfield>
   </marc21:datafield>
   <marc21:datafield ind1="4" ind2=" " tag="856">
      <marc21:subfield code="3">Fullsize</marc21:subfield>
      <marc21:subfield code="u">http://www.aaa.si.edu/assets/images/shawchar/fullsize/AAA_shawchar_48893.jpg</marc21:subfield>
      <marc21:subfield code="x">45</marc21:subfield>
   </marc21:datafield>
   <marc21:datafield ind1="4" ind2=" " tag="856">
      <marc21:subfield code="3">Thumbnail</marc21:subfield>
      <marc21:subfield code="u">http://www.aaa.si.edu/assets/images/shawchar/thumbnail/AAA_shawchar_48894.jpg</marc21:subfield>
      <marc21:subfield code="x">46</marc21:subfield>
   </marc21:datafield>
   <marc21:datafield ind1="4" ind2=" " tag="856">
      <marc21:subfield code="3">Fullsize</marc21:subfield>
      <marc21:subfield code="u">http://www.aaa.si.edu/assets/images/shawchar/fullsize/AAA_shawchar_48894.jpg</marc21:subfield>
      <marc21:subfield code="x">46</marc21:subfield>
   </marc21:datafield>
   <marc21:datafield ind1="4" ind2=" " tag="856">
      <marc21:subfield code="3">Thumbnail</marc21:subfield>
      <marc21:subfield code="u">http://www.aaa.si.edu/assets/images/shawchar/thumbnail/AAA_shawchar_48895.jpg</marc21:subfield>
      <marc21:subfield code="x">47</marc21:subfield>
   </marc21:datafield>
   <marc21:datafield ind1="4" ind2=" " tag="856">
      <marc21:subfield code="3">Fullsize</marc21:subfield>
      <marc21:subfield code="u">http://www.aaa.si.edu/assets/images/shawchar/fullsize/AAA_shawchar_48895.jpg</marc21:subfield>
      <marc21:subfield code="x">47</marc21:subfield>
   </marc21:datafield>
   <marc21:datafield ind1="4" ind2=" " tag="856">
      <marc21:subfield code="3">Thumbnail</marc21:subfield>
      <marc21:subfield code="u">http://www.aaa.si.edu/assets/images/shawchar/thumbnail/AAA_shawchar_48896.jpg</marc21:subfield>
      <marc21:subfield code="x">48</marc21:subfield>
   </marc21:datafield>
   <marc21:datafield ind1="4" ind2=" " tag="856">
      <marc21:subfield code="3">Fullsize</marc21:subfield>
      <marc21:subfield code="u">http://www.aaa.si.edu/assets/images/shawchar/fullsize/AAA_shawchar_48896.jpg</marc21:subfield>
      <marc21:subfield code="x">48</marc21:subfield>
   </marc21:datafield>
   <marc21:datafield ind1="4" ind2=" " tag="856">
      <marc21:subfield code="3">Thumbnail</marc21:subfield>
      <marc21:subfield code="u">http://www.aaa.si.edu/assets/images/shawchar/thumbnail/AAA_shawchar_48897.jpg</marc21:subfield>
      <marc21:subfield code="x">49</marc21:subfield>
   </marc21:datafield>
   <marc21:datafield ind1="4" ind2=" " tag="856">
      <marc21:subfield code="3">Fullsize</marc21:subfield>
      <marc21:subfield code="u">http://www.aaa.si.edu/assets/images/shawchar/fullsize/AAA_shawchar_48897.jpg</marc21:subfield>
      <marc21:subfield code="x">49</marc21:subfield>
   </marc21:datafield>
   <marc21:datafield ind1="4" ind2=" " tag="856">
      <marc21:subfield code="3">Thumbnail</marc21:subfield>
      <marc21:subfield code="u">http://www.aaa.si.edu/assets/images/shawchar/thumbnail/AAA_shawchar_48898.jpg</marc21:subfield>
      <marc21:subfield code="x">50</marc21:subfield>
   </marc21:datafield>
   <marc21:datafield ind1="4" ind2=" " tag="856">
      <marc21:subfield code="3">Fullsize</marc21:subfield>
      <marc21:subfield code="u">http://www.aaa.si.edu/assets/images/shawchar/fullsize/AAA_shawchar_48898.jpg</marc21:subfield>
      <marc21:subfield code="x">50</marc21:subfield>
   </marc21:datafield>
   <marc21:datafield ind1="4" ind2=" " tag="856">
      <marc21:subfield code="3">Thumbnail</marc21:subfield>
      <marc21:subfield code="u">http://www.aaa.si.edu/assets/images/shawchar/thumbnail/AAA_shawchar_48899.jpg</marc21:subfield>
      <marc21:subfield code="x">51</marc21:subfield>
   </marc21:datafield>
   <marc21:datafield ind1="4" ind2=" " tag="856">
      <marc21:subfield code="3">Fullsize</marc21:subfield>
      <marc21:subfield code="u">http://www.aaa.si.edu/assets/images/shawchar/fullsize/AAA_shawchar_48899.jpg</marc21:subfield>
      <marc21:subfield code="x">51</marc21:subfield>
   </marc21:datafield>
   <marc21:datafield ind1="4" ind2=" " tag="856">
      <marc21:subfield code="3">Thumbnail</marc21:subfield>
      <marc21:subfield code="u">http://www.aaa.si.edu/assets/images/shawchar/thumbnail/AAA_shawchar_48900.jpg</marc21:subfield>
      <marc21:subfield code="x">52</marc21:subfield>
   </marc21:datafield>
   <marc21:datafield ind1="4" ind2=" " tag="856">
      <marc21:subfield code="3">Fullsize</marc21:subfield>
      <marc21:subfield code="u">http://www.aaa.si.edu/assets/images/shawchar/fullsize/AAA_shawchar_48900.jpg</marc21:subfield>
      <marc21:subfield code="x">52</marc21:subfield>
   </marc21:datafield>
   <marc21:datafield ind1="4" ind2=" " tag="856">
      <marc21:subfield code="3">Thumbnail</marc21:subfield>
      <marc21:subfield code="u">http://www.aaa.si.edu/assets/images/shawchar/thumbnail/AAA_shawchar_48901.jpg</marc21:subfield>
      <marc21:subfield code="x">53</marc21:subfield>
   </marc21:datafield>
   <marc21:datafield ind1="4" ind2=" " tag="856">
      <marc21:subfield code="3">Fullsize</marc21:subfield>
      <marc21:subfield code="u">http://www.aaa.si.edu/assets/images/shawchar/fullsize/AAA_shawchar_48901.jpg</marc21:subfield>
      <marc21:subfield code="x">53</marc21:subfield>
   </marc21:datafield>
   <marc21:datafield ind1="4" ind2=" " tag="856">
      <marc21:subfield code="3">Thumbnail</marc21:subfield>
      <marc21:subfield code="u">http://www.aaa.si.edu/assets/images/shawchar/thumbnail/AAA_shawchar_48902.jpg</marc21:subfield>
      <marc21:subfield code="x">54</marc21:subfield>
   </marc21:datafield>
   <marc21:datafield ind1="4" ind2=" " tag="856">
      <marc21:subfield code="3">Fullsize</marc21:subfield>
      <marc21:subfield code="u">http://www.aaa.si.edu/assets/images/shawchar/fullsize/AAA_shawchar_48902.jpg</marc21:subfield>
      <marc21:subfield code="x">54</marc21:subfield>
   </marc21:datafield>
   <marc21:datafield ind1="4" ind2=" " tag="856">
      <marc21:subfield code="3">Thumbnail</marc21:subfield>
      <marc21:subfield code="u">http://www.aaa.si.edu/assets/images/shawchar/thumbnail/AAA_shawchar_48903.jpg</marc21:subfield>
      <marc21:subfield code="x">55</marc21:subfield>
   </marc21:datafield>
   <marc21:datafield ind1="4" ind2=" " tag="856">
      <marc21:subfield code="3">Fullsize</marc21:subfield>
      <marc21:subfield code="u">http://www.aaa.si.edu/assets/images/shawchar/fullsize/AAA_shawchar_48903.jpg</marc21:subfield>
      <marc21:subfield code="x">55</marc21:subfield>
   </marc21:datafield>
   <marc21:datafield ind1="4" ind2=" " tag="856">
      <marc21:subfield code="3">Thumbnail</marc21:subfield>
      <marc21:subfield code="u">http://www.aaa.si.edu/assets/images/shawchar/thumbnail/AAA_shawchar_48904.jpg</marc21:subfield>
      <marc21:subfield code="x">56</marc21:subfield>
   </marc21:datafield>
   <marc21:datafield ind1="4" ind2=" " tag="856">
      <marc21:subfield code="3">Fullsize</marc21:subfield>
      <marc21:subfield code="u">http://www.aaa.si.edu/assets/images/shawchar/fullsize/AAA_shawchar_48904.jpg</marc21:subfield>
      <marc21:subfield code="x">56</marc21:subfield>
   </marc21:datafield>
   <marc21:datafield ind1="4" ind2=" " tag="856">
      <marc21:subfield code="3">Thumbnail</marc21:subfield>
      <marc21:subfield code="u">http://www.aaa.si.edu/assets/images/shawchar/thumbnail/AAA_shawchar_48905.jpg</marc21:subfield>
      <marc21:subfield code="x">57</marc21:subfield>
   </marc21:datafield>
   <marc21:datafield ind1="4" ind2=" " tag="856">
      <marc21:subfield code="3">Fullsize</marc21:subfield>
      <marc21:subfield code="u">http://www.aaa.si.edu/assets/images/shawchar/fullsize/AAA_shawchar_48905.jpg</marc21:subfield>
      <marc21:subfield code="x">57</marc21:subfield>
   </marc21:datafield>
   <marc21:datafield ind1="4" ind2=" " tag="856">
      <marc21:subfield code="3">Thumbnail</marc21:subfield>
      <marc21:subfield code="u">http://www.aaa.si.edu/assets/images/shawchar/thumbnail/AAA_shawchar_48906.jpg</marc21:subfield>
      <marc21:subfield code="x">58</marc21:subfield>
   </marc21:datafield>
   <marc21:datafield ind1="4" ind2=" " tag="856">
      <marc21:subfield code="3">Fullsize</marc21:subfield>
      <marc21:subfield code="u">http://www.aaa.si.edu/assets/images/shawchar/fullsize/AAA_shawchar_48906.jpg</marc21:subfield>
      <marc21:subfield code="x">58</marc21:subfield>
   </marc21:datafield>
   <marc21:datafield ind1="4" ind2=" " tag="856">
      <marc21:subfield code="3">Thumbnail</marc21:subfield>
      <marc21:subfield code="u">http://www.aaa.si.edu/assets/images/shawchar/thumbnail/AAA_shawchar_48907.jpg</marc21:subfield>
      <marc21:subfield code="x">59</marc21:subfield>
   </marc21:datafield>
   <marc21:datafield ind1="4" ind2=" " tag="856">
      <marc21:subfield code="3">Fullsize</marc21:subfield>
      <marc21:subfield code="u">http://www.aaa.si.edu/assets/images/shawchar/fullsize/AAA_shawchar_48907.jpg</marc21:subfield>
      <marc21:subfield code="x">59</marc21:subfield>
   </marc21:datafield>
</marc21:record>

